<collection xmlns="http://www.loc.gov/MARC21/slim">
   <record>
      <leader>04352cam a22005898i 4500</leader>
      <controlfield tag="001">6744691</controlfield>
      <controlfield tag="003">OCoLC</controlfield>
      <controlfield tag="005">20141126072059.8</controlfield>
      <controlfield tag="006">m     o  d        </controlfield>
      <controlfield tag="007">cr cn|||||||||</controlfield>
      <controlfield tag="008">131121s2015    stka    ob    001 0 eng  </controlfield>
      <datafield ind1=" " ind2=" " tag="010">
         <subfield code="a">  2013046935</subfield>
      </datafield>
      <datafield ind1=" " ind2=" " tag="020">
         <subfield code="a">9780702054389</subfield>
         <subfield code="q">(electronic bk.)</subfield>
      </datafield>
      <datafield ind1=" " ind2=" " tag="020">
         <subfield code="a">0702054380</subfield>
         <subfield code="q">(electronic bk.)</subfield>
      </datafield>
      <datafield ind1=" " ind2=" " tag="020">
         <subfield code="z">9780702053351</subfield>
      </datafield>
      <datafield ind1=" " ind2=" " tag="020">
         <subfield code="z">070205335X</subfield>
      </datafield>
      <datafield ind1=" " ind2=" " tag="035">
         <subfield code="a">ocn863801872</subfield>
      </datafield>
      <datafield ind1=" " ind2=" " tag="039">
         <subfield code="a">exclude</subfield>
      </datafield>
      <datafield ind1=" " ind2=" " tag="040">
         <subfield code="a">DLC</subfield>
         <subfield code="b">eng</subfield>
         <subfield code="e">rda</subfield>
         <subfield code="c">DLC</subfield>
         <subfield code="d">OCLCO</subfield>
         <subfield code="d">OPELS</subfield>
         <subfield code="d">BUF</subfield>
         <subfield code="d">VAM</subfield>
         <subfield code="d">OCLCF</subfield>
         <subfield code="d">OCLCQ</subfield>
         <subfield code="d">OCLCO</subfield>
         <subfield code="d">AEU</subfield>
      </datafield>
      <datafield ind1=" " ind2=" " tag="042">
         <subfield code="a">pcc</subfield>
      </datafield>
      <datafield ind1="1" ind2="0" tag="050">
         <subfield code="a">RC86.7</subfield>
      </datafield>
      <datafield ind1="1" ind2="0" tag="060">
         <subfield code="a">WB 105</subfield>
      </datafield>
      <datafield ind1="0" ind2="0" tag="082">
         <subfield code="a">616.02/5</subfield>
         <subfield code="2">23</subfield>
      </datafield>
      <datafield ind1=" " ind2=" " tag="090">
         <subfield code="a">Internet Access</subfield>
         <subfield code="b">AEU</subfield>
      </datafield>
      <datafield ind1="0" ind2="0" tag="245">
         <subfield code="a">Textbook of adult emergency medicine /</subfield>
         <subfield code="c">edited by Peter Cameron, George Jelinek, Anne-Maree Kelly, Anthony FT Brown, Mark Little.</subfield>
      </datafield>
      <datafield ind1=" " ind2=" " tag="250">
         <subfield code="a">Fourth edition.</subfield>
      </datafield>
      <datafield ind1=" " ind2="1" tag="264">
         <subfield code="a">Edinburgh :</subfield>
         <subfield code="b">Elsevier Ltd.,</subfield>
         <subfield code="c">2015.</subfield>
      </datafield>
      <datafield ind1=" " ind2=" " tag="300">
         <subfield code="a">1 online resource (xxiii, 1050 pages) :</subfield>
         <subfield code="b">illustrations (some color)</subfield>
      </datafield>
      <datafield ind1=" " ind2=" " tag="336">
         <subfield code="a">text</subfield>
         <subfield code="b">txt</subfield>
         <subfield code="2">rdacontent</subfield>
         <subfield code="0">http://id.loc.gov/vocabulary/contentTypes/txt</subfield>
      </datafield>
      <datafield ind1=" " ind2=" " tag="337">
         <subfield code="a">computer</subfield>
         <subfield code="b">c</subfield>
         <subfield code="2">rdamedia</subfield>
         <subfield code="0">http://id.loc.gov/vocabulary/mediaTypes/c</subfield>
      </datafield>
      <datafield ind1=" " ind2=" " tag="338">
         <subfield code="a">online resource</subfield>
         <subfield code="b">cr</subfield>
         <subfield code="2">rdacarrier</subfield>
         <subfield code="0">http://id.loc.gov/vocabulary/carriers/cr</subfield>
      </datafield>
      <datafield ind1=" " ind2=" " tag="504">
         <subfield code="a">Includes bibliographical references and index.</subfield>
      </datafield>
      <datafield ind1=" " ind2=" " tag="506">
         <subfield code="a">Access restricted to authorized users and institutions.</subfield>
      </datafield>
      <datafield ind1=" " ind2=" " tag="520">
         <subfield code="a">Now fully revised and updated, Textbook of Adult Emergency Medicine provides clear and consistent coverage of this rapidly evolving specialty. Building on the success of previous editions, it covers all the major topics that present to the trainee doctor in the emergency department. It will also prove invaluable to the range of other professionals working in this setting - including nurse specialists and paramedics - who require concise, highly practical guidance, incorporating latest best practice and current guidelines. For the first time this edition now comes with a complete and enhanced electronic version, providing a richer learning experience and making rapid reference easier than ever before, anytime, anywhere. Updates throughout reflect latest practice developments, curricula requirements and essential guidelines Key point boxes highlight topic 'essentials' as well as controversial areas of treatment An expanded list of leading international contributors ensures comprehensive coverage and maximizes worldwide relevance New and enhanced coverage of important and topical areas - including latest imaging in emergency medicine; organ donation; massive transfusion protocols; medico legal issues; patient safety and quality measures All new accompanying electronic version, including procedure videos and self-assessment materials to check your understanding and aid exam preparation.</subfield>
      </datafield>
      <datafield ind1="0" ind2=" " tag="588">
         <subfield code="a">Print version record.</subfield>
      </datafield>
      <datafield ind1=" " ind2=" " tag="596">
         <subfield code="a">44</subfield>
      </datafield>
      <datafield ind1=" " ind2="0" tag="650">
         <subfield code="a">Emergency medicine.</subfield>
         <subfield code="0">http://id.loc.gov/authorities/subjects/sh85042755</subfield>
      </datafield>
      <datafield ind1=" " ind2="0" tag="650">
         <subfield code="a">Critical care medicine.</subfield>
         <subfield code="0">http://id.loc.gov/authorities/subjects/sh85034133</subfield>
      </datafield>
      <datafield ind1=" " ind2="2" tag="650">
         <subfield code="a">Emergency Medicine</subfield>
         <subfield code="x">methods.</subfield>
         <subfield code="0">http://id.nlm.nih.gov/mesh/D004635Q000379</subfield>
      </datafield>
      <datafield ind1=" " ind2="2" tag="650">
         <subfield code="a">Adult.</subfield>
         <subfield code="0">http://id.nlm.nih.gov/mesh/D000328</subfield>
      </datafield>
      <datafield ind1=" " ind2="2" tag="650">
         <subfield code="a">Emergencies.</subfield>
         <subfield code="0">http://id.nlm.nih.gov/mesh/D004630</subfield>
      </datafield>
      <datafield ind1=" " ind2="2" tag="650">
         <subfield code="a">Emergency Treatment</subfield>
         <subfield code="x">methods.</subfield>
         <subfield code="0">http://id.nlm.nih.gov/mesh/D004638Q000379</subfield>
      </datafield>
      <datafield ind1="1" ind2=" " tag="700">
         <subfield code="a">Cameron, Peter,</subfield>
         <subfield code="d">1958-</subfield>
         <subfield code="e">editor.</subfield>
         <subfield code="0">http://id.loc.gov/authorities/names/n99800753</subfield>
         <subfield code="0">http://viaf.org/viaf/36254027</subfield>
      </datafield>
      <datafield ind1="1" ind2=" " tag="700">
         <subfield code="a">Jelinek, George,</subfield>
         <subfield code="e">editor.</subfield>
         <subfield code="0">http://id.loc.gov/authorities/names/n99803430</subfield>
         <subfield code="0">http://viaf.org/viaf/63345456</subfield>
      </datafield>
      <datafield ind1="1" ind2=" " tag="700">
         <subfield code="a">Kelly, Anne-Maree,</subfield>
         <subfield code="e">editor.</subfield>
         <subfield code="0">http://id.loc.gov/authorities/names/n2013187979</subfield>
         <subfield code="0">http://viaf.org/viaf/92510335</subfield>
      </datafield>
      <datafield ind1="1" ind2=" " tag="700">
         <subfield code="a">Brown, Anthony F. T.,</subfield>
         <subfield code="e">editor.</subfield>
         <subfield code="0">http://id.loc.gov/authorities/names/n88038139</subfield>
         <subfield code="0">http://viaf.org/viaf/274723938</subfield>
      </datafield>
      <datafield ind1="1" ind2=" " tag="700">
         <subfield code="a">Little, Mark</subfield>
         <subfield code="c">(Emergency physician),</subfield>
         <subfield code="e">editor.</subfield>
         <subfield code="0">http://id.loc.gov/authorities/names/n2013187981</subfield>
         <subfield code="0">http://viaf.org/viaf/305447375</subfield>
      </datafield>
      <datafield ind1=" " ind2=" " tag="758">
         <subfield code="0">http://worldcat.org/entity/work/id/53789442</subfield>
      </datafield>
      <datafield ind1="0" ind2=" " tag="787">
         <subfield code="n">OCLC Work Id</subfield>
         <subfield code="o">http://worldcat.org/entity/work/id/53789442</subfield>
      </datafield>
      <datafield ind1="4" ind2="0" tag="856">
         <subfield code="3">University of Alberta Access</subfield>
         <subfield code="u">https://www.clinicalkey.com/dura/browse/bookChapter/3-s2.0-C20120022417</subfield>
      </datafield>
      <datafield ind1=" " ind2=" " tag="949">
         <subfield code="h">UAIN</subfield>
         <subfield code="z">CKEY</subfield>
      </datafield>
      <datafield ind1=" " ind2=" " tag="926">
         <subfield code="a">Internet Access</subfield>
         <subfield code="w">LC</subfield>
         <subfield code="c">1</subfield>
         <subfield code="i">6744691-1001</subfield>
         <subfield code="l">INTERNET</subfield>
         <subfield code="m">UAINTERNET</subfield>
         <subfield code="r">Y</subfield>
         <subfield code="s">Y</subfield>
         <subfield code="t">E-RESOURCE</subfield>
         <subfield code="u">11/27/2014</subfield>
         <subfield code="x">E-BOOK</subfield>
         <subfield code="z">CKEY</subfield>
      </datafield>
   </record>
</collection>
